@article{Han:1965pf,
    author = {Han, M. Y. and Nambu, Yoichiro},
    editor = {Eguchi, T.},
    title = {Three Triplet Model with Double SU(3) Symmetry},
    doi = {10.1103/PhysRev.139.B1006},
    journal = {Phys. Rev.},
    volume = {139},
    pages = {B1006--B1010},
    year = {1965}
}
@article{Gross1973UltravioletBO,
    title={Ultraviolet Behavior of Non-Abelian Gauge Theories},
    author={D. Gross and F. Wilczek},
    journal={Physical Review Letters},
    year={1973},
    volume={30},
    pages={1343-1346}
}
@article{GellMann:1964nj,
    author = {Gell-Mann, Murray},
    title = {A Schematic Model of Baryons and Mesons},
    doi = {10.1016/S0031\-9163(64)92001\-3},
    journal = {Phys. Lett.},
    volume = {8},
    pages = {214--215},
    year = {1964}
}
@inbook{Zweig:1964jf,
    author = {Zweig, G.},
    editor = {Lichtenberg, D. B. and Rosen, Simon Peter},
    title = {An SU(3) model for strong interaction symmetry and its breaking. Version 2},
    booktitle = {DEVELOPMENTS IN THE QUARK THEORY OF HADRONS. VOL. 1. 1964 - 1978},
    %reportNumber = {CERN-TH-412, NP-14146, PRINT-64-170},
    month = {2},
    year = {1964}
}
@article{Shuryak:1978ij,
    author = {Shuryak, Edward V.},
    title = {Quark-Gluon Plasma and Hadronic Production of Leptons, Photons and Psions},
    %reportNumber = {IYF-78-24},
    doi = {10.1016/0370\-2693(78)90370\-2},
    journal = {Phys. Lett. B},
    volume = {78},
    pages = {150},
    year = {1978}
}
@article{Bohr:1977gj,
    author = {Bohr, Henrik and Nielsen, Holger Bech},
    title = {Hadron Production from a Boiling Quark Soup},
    %reportNumber = {NBI-HE-77-5},
    doi = {10.1016/0550\-3213(77)90032\-3},
    journal = {Nucl. Phys. B},
    volume = {128},
    pages = {275--293},
    year = {1977}
}
@article{Zajc:2007ey,
    author = {Zajc, W. A.},
    editor = {Nagamiya, Shoji and Motobayashi, Tohru and Oka, Makoto and Hayano, Ryugo S. and Nagae, Tomofumi},
    title = {The Fluid Nature of Quark-Gluon Plasma},
    eprint = {0802.3552},
    archivePrefix = {arXiv},
    primaryClass = {nucl-ex},
    doi = {10.1016/j.nuclphysa.2008.02.285},
    journal = {Nucl. Phys. A},
    volume = {805},
    pages = {283--294},
    year = {2008}
}
@article{Boeckel:2011yj,
    author = {Boeckel, Tillmann and Schaffner-Bielich, Jurgen},
    title = {A little inflation at the cosmological QCD phase transition},
    eprint = {1105.0832},
    archivePrefix = {arXiv},
    primaryClass = {astro-ph.CO},
    doi = {10.1103/PhysRevD.85.103506},
    journal = {Phys. Rev. D},
    volume = {85},
    pages = {103506},
    year = {2012}
}
@article{Shuryak:1980tp,
    author = {Shuryak, Edward V.},
    title = {Quantum Chromodynamics and the Theory of Superdense Matter},
    doi = {10.1016/0370\-1573(80)90105\-2},
    journal = {Phys. Rept.},
    volume = {61},
    pages = {71--158},
    year = {1980}
}
@book{Satz:2012zza,
    author = {Satz, Helmut},
    title = {Extreme states of matter in strong interaction physics. An introduction},
    doi = {10.1007/978\-3\-642\-23908\-3},
    isbn = {978-3-642-23907-6},
    publisher = {Springer Verlag},
    address = {New York},
    volume = {841},
    year = {2012}
}
@article{Alford:1997zt,
    author = {Alford, Mark G. and Rajagopal, Krishna and Wilczek, Frank},
    title = {QCD at finite baryon density: Nucleon droplets and color superconductivity},
    eprint = {hep-ph/9711395},
    archivePrefix = {arXiv},
    %reportNumber = {IASSNS-HEP-97-119, MIT-CTP-2695},
    doi = {10.1016/S0370\-2693(98)00051\-3},
    journal = {Phys. Lett. B},
    volume = {422},
    pages = {247--256},
    year = {1998}
}
@article{Bjorken:1982qr,
    author = {Bjorken, J. D.},
    title = {Highly Relativistic Nucleus-Nucleus Collisions: The Central Rapidity Region},
    %reportNumber = {FERMILAB-PUB-82-044-THY, FERMILAB-PUB-82-044-T},
    doi = {10.1103/PhysRevD.27.140},
    journal = {Phys. Rev. D},
    volume = {27},
    pages = {140--151},
    year = {1983}
}
@inproceedings{Rosnet:2015rva,
    author = {Rosnet, P.},
    title = {Quark-Gluon Plasma: from accelerator experiments to early Universe},
    booktitle = {11th Rencontres du Vietnam: Cosmology: 50 years after CMB discovery},
    eprint = {1510.04200},
    archivePrefix = {arXiv},
    primaryClass = {hep-ph},
    month = {10},
    year = {2015}
}
@article{Harris:1996zx,
    author = {Harris, John W. and Muller, Berndt},
    title = {The Search for the quark - gluon plasma},
    eprint = {hep-ph/9602235},
    archivePrefix = {arXiv},
    %reportNumber = {DUKE-TH-96-105},
    doi = {10.1146/annurev.nucl.46.1.71},
    journal = {Ann. Rev. Nucl. Part. Sci.},
    volume = {46},
    pages = {71--107},
    year = {1996}
}
@article{Adams:2005dq,
    author = {Adams, John and others},
    %collaboration = {STAR},
    title = {Experimental and theoretical challenges in the search for the quark gluon plasma : The STAR Collaboration's critical assessment of the evidence from RHIC collisions},
    eprint = {nucl-ex/0501009},
    archivePrefix = {arXiv},
    doi = {10.1016/j.nuclphysa.2005.03.085},
    journal = {Nucl. Phys. A},
    volume = {757},
    pages = {102--183},
    year = {2005}
}
@article{Bass:2000ib,
    author = {Bass, S. A. and Dumitru, A.},
    title = {Dynamics of hot bulk QCD matter : From the quark gluon plasma to hadronic freezeout},
    eprint = {nucl-th/0001033},
    archivePrefix = {arXiv},
    doi = {10.1103/PhysRevC.61.064909},
    journal = {Phys. Rev. C},
    volume = {61},
    pages = {064909},
    year = {2000}
}
@article{M_ller_2006,
   title={Results from the Relativistic Heavy Ion Collider},
   volume={56},
   ISSN={1545-4134},
   url={http://dx.doi.org/10.1146/annurev.nucl.56.080805.140556},
   DOI={10.1146/annurev.nucl.56.080805.140556},
   number={1},
   journal={Annual Review of Nuclear and Particle Science},
   publisher={Annual Reviews},
   author={Müller, Berndt and Nagle, James L.},
   year={2006},
   month={11},
   pages={93–135}
}
% vim:ts=4:sw=4